%%% Ejemplo de diferentes tipos de referencias blibliograficas

% Articulo
@article{perales1a,
  author = "SNS",
  year = "2024",
  title = "Estrategia en ictus del Sistema Nacional de Salud",
  journal = "Ministerio de Sanidad",
  publisher = "",
  month = "",
  volume = "",
  pages = "",
  doi = "",
  issn = "",
  ps = "https://www.sanidad.gob.es/areas/calidadAsistencial/estrategias/ictus/docs/Estrategia_en_Ictus_del_SNS._Actualizacion_2024_accesible.pdf"
}

% Articulo
@article{perales1b,
  author = "SAFE",
  year = "2018-2030",
  title = "{Ictus}: Plan de actuación en europa",
  journal = "",
  publisher = "",
  month = "",
  volume = "",
  pages = "",
  doi = "",
  issn = "",
  ps = "https://safestroke.eu/wp-content/uploads/2019/05/sap-spanish-s.pdf"
}

% Articulo
@article{perales4b,
  author = "Clark, William E. and Sivan Manoj and O'Connor, Rory J.",
  year = "2019",
  title = "Evaluating the use of robotic and virtual reality rehabilitation technologies to improve function in stroke survivors: A narrative review",
  journal = "Rehabilitation and Assistive Technologies Engineering",
  publisher = "SAGE",
  month = "junio",
  volume = "6",
  pages = "3-5",
  doi = "10.1177/2055668319863557",
  issn = "",
  ps = "https://journals.sagepub.com/doi/10.1177/2055668319863557"
}

% Capitulo de libro
@article{perales9a,
  author = "Soriano-Salvador, Enrique and Guardiola Múzquiz, Gorka",
  year = "2022",
  title = "Fundamentos de sistemas operativos: una aproximación práctica usando Linux",
  isbn = "",
  booktitle = "¿Qué es un sistema operativo?",
  pages = "21-23",
  month = "septiembre",
  publisher = "",
  note = "Para obtener la versión más reciente de este documento: \url{https://honecomp.github.io}"
}

% Capitulo de libro
@article{perales9b,
  author = "Stack Overﬂow, Documentation",
  year = "",
  title = "Python Notes for Professionals",
  isbn = "",
  booktitle = "Getting Started",
  pages = "2",
  month = "",
  publisher = "Creative Commons BY-SA",
  note = "This is an unofficial free book created for educational purposes and is not affiliated with official Python® group(s) or company(s)."
}

% Capitulo de libro
@article{perales10a,
  author = "Martín Rico, Francisco",
  year = "2023",
  title = "A Concise Introduction to Robot Programming with ROS2",
  isbn = "978-1-003-28962-3 (ebk)",
  booktitle = "Introduction",
  pages = "1-5",
  month = "",
  publisher = "CRC Press",
  note = "Este libro se ha preparado a partir de una copia camera-ready proporcionada por los autores."
}

% Articulo
@article{vega19b,
  author = "Vega, Julio and Ca\~nas, J.M.",
  year = "2019",
  title = "{PyBoKids}: An Innovative Python-Based Educational Framework Using Real and Simulated {Arduino} Robots",
  journal = "Electronics",
  publisher = "MDPI",
  month = "August",
  volume = "8",
  pages = "899-915",
  doi = "10.3390/electronics8080899",
  issn = "2079-9292",
  ps = "https://gsyc.urjc.es/jmvega/research/pubs/2019-electronics-PyBoKidsFramework.pdf"
}

% Miscelanea: entrevista, recorte de periodico, etc.
@misc{vega19a,
  author = "Vega, Julio",
  howpublished = "URJC, on-line newspaper interview",
  place = "Madrid, Spain",
  title = "El profesor {Julio} {Vega}, finalista del concurso '{Ciencia} en {Acci\'on} 2019'",
  journal = "urjc.es",
  year = "2019",
  month = "July",
  http = "https://www.urjc.es/todas-las-noticias-de-actualidad/4478-el-profesor-julio-vega-finalista-del-concurso-ciencia-en-accion-2019"
}

% Tesis
@phdthesis{vega18b,
  author = "Vega, Julio",
  title = "Educational framework using robots with vision for constructivist teaching {Robotics} to pre-university students",
  type = "Doctoral thesis on Computer Science and Artificial Intelligence",
  school = "University of Alicante",
  year = "2018",
  month = "September",
  ps = "https://gsyc.urjc.es/jmvega/research/pubs/2018-Thesis-JulioVega.pdf",
  pdf = "https://gsyc.urjc.es/jmvega/research/pubs/2018-Thesis-Defense-JulioVega.pdf",
  dvi = "http://hdl.handle.net/10045/90414",
  http = "https://www.educacion.es/teseo/mostrarRef.do?ref=1704702"
}

% Congreso
@inproceedings{vega18a,
  author = "Vega, Julio",
  year = "2018",
  title = "{JdeRobot-Kids} framework for teaching robotics and vision algorithms",
  booktitle = "II jornada de investigaci\'on doctoral",
  publisher = "University of Alicante",
  month = "June",
  ps = "https://gsyc.urjc.es/jmvega/research/pubs/2018-posterUA-JdeRobotKidsFramework.pdf"
}

% Informe tecnico
@techreport{vega15,
  author = "Vega, Julio",
  howpublished = "Franciscanas Montpellier Schools, annual report",
  place = "Madrid, Spain",
  title = "De la tiza al robot",
  journal = "Franciscanas Montpellier Schools",
  year = "2015",
  month = "June",
  ps = "https://gsyc.urjc.es/jmvega/research/pubs/2015.06.01-CCFM-DeLaTizaAlRobot.pdf"
}

% Capitulo de libro
@inbook{vega12e,
  author = "Vega, Julio and Perdices, E. and Ca\~nas, J.M.",
  year = "2012",
  title = "Attentive visual memory for robot localization",
  isbn = "978-1-4666-2672-0 (hardcover)",
	booktitle = "Robotic Vision: Technologies for Machine Learning and Vision Applications",
	pages = "408-438",
  month = "September",
  publisher = "IGI Global, USA",
  note = "Text not available. This book is protected by copyright"
}

% TFG
@mastersthesis{vega08b,
  author = "Vega, Julio",
  title = "Navegaci{\'o}n y autolocalizaci{\'o}n de un robot gu{\'i}a de visitantes",
  type = "Master thesis on Computer Science",
  school = "Rey Juan Carlos University",
  year = "2008",
  month = "September",
  ps = "https://gsyc.urjc.es/jmvega/research/pubs/2008-finalProject-guideRobot.pdf",
  pdf = "https://gsyc.urjc.es/jmvega/research/pubs/2008-finalProject-guideRobot-talk.pdf"
}

